@book{introsistema,
	title = {Introducción a los sistemas operativos: DOS, UNIX, OS/2, MVS},
	author = {Eduardo Alcalde Lacharro and Juan Morera Pascual and Juan A. Pérez Campanero},
	series = {Informática de Gestión},
	year = {1993},
	publisher = {McGraw-Hill},
	isbn = {84-7615-767-3}
}
